@misc{aws-describeimages-cve,
  title = {{CVE}-2018-15869},
  howpublished = "\url{https://cve.mitre.org/cgi-bin/cvename.cgi?name=CVE-2018-15869}",
  author = {{MITRE}},
  year = {2018},
  urldate = {12 February 2019},
}

@misc{lombokbuilder,
  title = {@Builder},
  howpublished = {\url{https://projectlombok.org/features/Builder}},
  note = {Accessed 12 February 2019},
  author = {{The Lombok Authors}},
  year = {2019},
}

@misc{lombok,
   title={Project Lombok},
   howpublished={\url{https://projectlombok.org/}},
   note = {Accessed 19 April 2019},
   author = {Zwitserloot, Reinier and Spilker, Roel},
   year = {2019},
}

@misc{lombok-required-fields,
   title={"Mandatory" fields with @Builder},
   howpublished={\url{https://github.com/rzwitserloot/lombok/wiki/FEATURE-IDEA:-\%22Mandatory\%22-fields-with-@Builder}},
   note = {Accessed 12 August 2019},
   author = {Zwitserloot, Reinier},
   year = {2018},
}

@misc{lombok-campos,
  title={Comment on "Mark fields as required for Builder"},
  author = {Campos, João},
  year = {2018},
  howpublished={\url{https://github.com/rzwitserloot/lombok/issues/1043\#issuecomment-389344262}},
  note={Accessed 12 August 2019},
}

@misc{lombok-brodda,
  title={Comment on "Mark fields as required for Builder"},
  author = {Brodda, Jan},
  year = {2018},
  howpublished={\url{https://github.com/rzwitserloot/lombok/issues/1043\#issuecomment-405509087}},
  note={Accessed 12 August 2019},
}

@misc{autovalue,
   title={AutoValue},
   howpublished={\url{https://github.com/google/auto/tree/master/value}},
   note = {Accessed 14 August 2019},
   author = {Bourrillion, Kevin and McManus, Éamonn},
   year = {2019},
}

@misc{autovalue-builder,
  title={AutoValue with Builders},
  howpublished={\url{https://github.com/google/auto/blob/master/value/userguide/builders.md}},
   note = {Accessed 14 August 2019},
   author = {Bourrillion, Kevin and McManus, Éamonn},
   year = {2019},
}

@misc{autovalue-builder-default,
  title={AutoValue: How do I specify a default value for a property?},
  howpublished={\url{https://github.com/google/auto/blob/master/value/userguide/builders-howto.md\#default}},
   note = {Accessed 14 August 2019},
   author = {Bourrillion, Kevin and McManus, Éamonn},
   year = {2019},
}

@misc{autovalue-builder-prop-validate,
  title={AutoValue: How do I validate property values?},
  howpublished={\url{https://github.com/google/auto/blob/master/value/userguide/builders-howto.md\#-validate-property-values}},
   note = {Accessed 14 August 2019},
   author = {Bourrillion, Kevin and McManus, Éamonn},
   year = {2019},
}

@misc{autovalue-fail-fast-issue,
  author={Joshua Spoerri},
  title={Fail fast for lack of default},
  howpublished={\url{https://github.com/google/auto/issues/554}},
  note = {Accessed 14 August 2019},
  year = {2019},
}  

@misc{autovalue-default-issue,
  author={Kevin Most},
  title={Allow default values to be set on AutoValue builders in property default impls},
  howpublished={\url{https://github.com/google/auto/issues/704}},
  note = {Accessed 14 August 2019},
  year = {2019},
}  

@misc{autovalue-step,
  title={auto-value-step-builder},
  howpublished={\url{https://github.com/sopak/auto-value-step-builder}},
  note = {Accessed 14 August 2019},
  author = {Kamil Sopko},
  year = {2019},
}  

@misc{step-blog-post,
  title={Design patterns - Step builder},
  howpublished={\url{https://svlada.com/step-builder-pattern/}},
  note = {Accessed 14 August 2019},
  author = {Vladimir Stankovic},
  year = {2019},
}  

@misc{jilt,
  title={The Type-Safe Builder pattern in Java, and the Jilt library},
  author={Ruka, Adam},
  howpublished={\url{https://www.endoflineblog.com/type-safe-builder-pattern-in-java-and-the-jilt-library}},
  note={Accessed 15 August 2019},
  year={2017},
}

@misc{scala-builders,
  title={Type-safe Builder Pattern in Scala},
  author={Rafael Ferreira},
  year={2008},
  note={Accessed 15 August 2019},
  howpublished={\url{http://blog.rafaelferreira.net/2008/07/type-safe-builder-pattern-in-scala.html}},
}

@misc{aws-malicious-images,
  title = {Investigating Malicious AMIs},
  author = {Piper, Scott},
  howpublished = {\url{https://summitroute.com/blog/2018/09/24/investigating_malicious_amis/}},
  year = {2018},
  note = {Accessed 5 June 2019},
}

@misc{aws-cli-bug-report,
  title = {CVE-2018-15869: --owners flag isn't mandatory},
  author = {Bicha, Jeremy and Alvine, Nancy},
  howpublished = {\url{https://github.com/aws/aws-cli/issues/3629}},
  year = {2018},
  note = {Accessed 5 June 2019},
}

@misc{stack-overflow-lombok-1,
    howpublished={\url{https://stackoverflow.com/questions/29885428/required-arguments-with-a-lombok-builder}},
    author = {{jax}},
    year = {2015},
    note = {Accessed 20 August 2019},
    title = {Required arguments with a lombok @Builder},
}

@misc{stack-overflow-lombok-2,
    howpublished={\url{https://stackoverflow.com/questions/54155315/using-lombok-to-create-builders-for-classes-with-required-and-optional-attribute}},
    author = {Kamangir, Arash},
    year = {2019},
    note = {Accessed 20 August 2019},
    title = {Using Lombok to create builders for classes with required and optional attributes},
}

@misc{stack-overflow-lombok-3,
    howpublished={\url{https://stackoverflow.com/questions/51324922/findbugs-detecter-for-nonnull-lombok-builder-attributes}},
    author = {Punjabi, Mohit},
    year = {2018},
    note = {Accessed 20 August 2019},
    title = {FindBugs detecter for NonNull Lombok builder attributes},
}

@misc{github-1,
    howpublished={\url{https://github.com/rzwitserloot/lombok/issues/1043}},
    author = {Brunotte, Christian},
    year = {2016},
    note = {Accessed 20 August 2019},
    title = {Mark fields as required for Builder},
}

@misc{github-2,
    howpublished={\url{https://github.com/rzwitserloot/lombok/issues/2055}},
    author = {Lynch, Bennett},
    year = {2019},
    note = {Accessed 20 August 2019},
    title = {[FEATURE] @StepBuilder},
}

@misc{github-3,
    howpublished={\url{https://github.com/rzwitserloot/lombok/issues/1303}},
    author = {Nakagawa, Atsushi},
    year = {2017},
    note = {Accessed 20 August 2019},
    title = {Feature: Allow fields to be specified only via builder's constructor},
}

@misc{github-4,
    howpublished={\url{https://github.com/rzwitserloot/lombok/issues/1202}},
    author = {Friis, Fredrik},
    year = {2016},
    note = {Accessed 20 August 2019},
    title = {Calling final builder step without providing required arguments},
}

@misc{github-5,
    howpublished={\url{https://github.com/rzwitserloot/lombok/issues/707}},
    author = {Beams, Chris},
    year = {2014},
    note = {Accessed 20 August 2019},
    title = {@Builder should require invoking methods associated with final fields},
}

@misc{no-optional-builders,
  howpublished={\url{https://stackoverflow.com/a/31674917}},
  author = {Spilker, Roel},
  year = {2015},
  title = {Answer to Stack Overflow question titled "Optional in Lombok"},
  note = {Accessed 21 August 2019},
}

@misc{guice,
  howpublished={\url{https://github.com/google/guice}},
  note = {Accessed 23 August 2019},
  title = {Guice},
  author = {Google},
  year = {2006},
}

@Misc{CVENAR-inclusion-decisions,
  author = 	 "MITRE",
  title = 	 "Inclusion decisions for CVE Numbering Authority (CNA) rules",
  howpublished = "\url{https://cve.mitre.org/cve/cna/rules.html\#Appendix_C_inclusion_decisions}",
  month = 	 jan,
  year = 	 2018,
}

@Misc{RedHatBug1623095,
  author = 	 "Andrej Nemec and Riccardo Schirone",
  title = 	 "{awscli}: Allows loading of an undesired {AMI} by setting similar image properties",
  howpublished = "\url{https://bugzilla.redhat.com/show_bug.cgi?id=1623095}",
  month = 	 oct,
  year = 	 2018,
}


@Misc{ErnstNothingIsBetterThanOptional,
  author = 	 "Michael D. Ernst",
  title = 	 "Nothing is better than the Optional type",
  howpublished = "\url{https://homes.cs.washington.edu/~mernst/advice/nothing-is-better-than-optional.html}",
  month = 	 oct,
  year = 	 2016,
}



@Misc{GapicGeneratorIssue2892,
  author = 	 "Manu Sridharan",
  title = 	 "Possible missing packageInfo property in JavaSurfaceTransformer",
  howpublished = "\url{https://github.com/googleapis/gapic-generator/issues/2892}",
  month = 	 jul,
  year = 	 2019,
}
